<?xml version="1.0" encoding="UTF-8"?><collection xmlns="http://www.loc.gov/MARC21/slim"><record><leader>00363nam--2200133-i-4500</leader><controlfield tag="001">000003418</controlfield><controlfield tag="002">20161230</controlfield><controlfield tag="005">20161230201025</controlfield><controlfield tag="008">060222s1000------------r-----000-0-eng-d</controlfield><datafield ind1=" " ind2=" " tag="100"><subfield code="a">Bergmann, L., Frenk, H., Spindel, P</subfield></datafield><datafield ind1=" " ind2=" " tag="245"><subfield code="a">Der leitz-infrarot-spektrograph</subfield></datafield><datafield ind1=" " ind2=" " tag="260"><subfield code="a">?milano, F.Edit., 1955 31 P</subfield></datafield><datafield ind1=" " ind2=" " tag="490"><subfield code="a">Estratto Del Nuovo Cimento Suppl</subfield></datafield><datafield ind1=" " ind2=" " tag="852"><subfield code="a">4246</subfield></datafield></record></collection>